@misc{st-amour_cailhol_ruocco_bernard_2021,
 title={Acute Effect of Physical Exercise on Negative Affect in Borderline Personality Disorder: A Pilot Study},
 url={osf.io/preprints/sportrxiv/mdcuh},
 DOI={10.31236/osf.io/mdcuh},
 publisher={SportRxiv},
 author={St-Amour, Samuel and Cailhol, Lionel and Ruocco, Anthony C and Bernard, Paquito},
 year={2021},
 month={Apr}
}